@article{LibroCompGrafica,
    author  =   "{James D. Foley, Andries van Dam, Steven K. Feiner, John F. Hughes, Richard L. Phillips}",
    title   =   "Introducción a la Graficación por Computador",
    journal =   "Addisson-Wesley Iberoamericana, S.A.",
    year    =   1996,
}

@article{PharrHumphreys,
    author  =   "{Matt Pharr, Greg Humphreys}",
    title   =   "Physically based rendering",
    journal =   "Morgan Kauffman",
    year    =   2004,
}

@article{Jensen2001,
    author  =   "{Henrik Wann Jensen}",
    title   =   "{Realistic Image Synthesis Using Photon Mapping}",
    journal =   "{AK Peters, Ltd.}",
    year    =   2001,
}

@article{PaperDel80,
    author  =   "{Whitted Turner}",
    title   =   "An Improved Illumination Model for Shaded Display",
    journal =   "Communications of the ACM",
    year    =   1980,
}

@article{Glassner84,
    author  =   "{Andrew S. Glassner}",
    title   =   "Space Subdivision for Fast Ray Tracing",
    journal =   "IEEE Computer Graphics and Applications",
    year    =   1984,
}

@article{Lauterbach06,
    author  =   "{Christian Lauterbach, Dinesh Manocha, David Tuft, Sung-Eui Yoon}",
    title   =   "{Interactive Ray Tracing of Dynamic Scenes using BVHs}",
    journal =   "IEEE Symposium on Interactive Ray Tracing",
    year    =   2006,
}

@article{Horn07,
    author  =   "{Daniel Reiter Horn, Jeremy Sugerman, Mike Houston, Pat Hanrahan}",
    title   =   "{Interactive k-D Tree GPU Raytracing}",
    journal =   "Stanford University",
    year    =   2007,
}

@article{Wald2001,
    author  =   "{Ingo Wald, Philipp Slusallek, Carsten Benthin, and Markus Wagner}",
    title   =   "{Interactive Rendering with Coherent Ray Tracing}",
    journal =   "Saarland University",
    year    =   2001,
}

@article{GoldsmithSalmon,
    author      =   {Goldsmith, Jeffrey and Salmon, John},
    title       =   {Automatic Creation of Object Hierarchies for Ray Tracing},
    journal     =   {IEEE Comput. Graph. Appl.},
    volume      =   {7},
    number      =   {5},
    year        =   {1987},
    issn        =   {0272-1716},
    pages       =   {14--20},
    doi         =   {http://dx.doi.org/10.1109/MCG.1987.276983},
    publisher   =   {IEEE Computer Society Press},
    address     =   {Los Alamitos, CA, USA},
}

@article{KayKajiya,
    author      =   {Kay, Timothy L. and Kajiya, James T.},
    title       =   {Ray tracing complex scenes},
    journal     =   {SIGGRAPH Comput. Graph.},
    volume      =   {20},
    number      =   {4},
    year        =   {1986},
    issn        =   {0097-8930},
    pages       =   {269--278},
    doi         =   {http://doi.acm.org/10.1145/15886.15916},
    publisher   =   {ACM},
    address     =   {New York, NY, USA},
}

@article{Hearn88,
	title      =   {Computer Graphics / D. Hearn, M.P. Baker},
	author     =   {Hearn, Donald and Baker, M. Pauline},
	year       =   {1988},
	journal    =   {Prentice-Hall},
}

@article{RealTimeRendering02,
    author      =   {Akenine-Moller, Tomas and Moller, Tomas and Haines, Eric},
    title       =   {Real-Time Rendering},
    journal     =   {A. K. Peters, Ltd.},
    year        =   {2002},
}

@article{HVSQualityAssessment,
    author  =   {Zhai, G. and Zhang, W. and Yang, X. and Xu, Y.},
    title   =   {Image quality metric with an integrated bottom-up and top-down HVS approach},
    journal =   {VISP},
    volume  =   {153},
    year    =   {2006},
    number  =   {4},
    month   =   {August},
    pages   =   {456-460},
}

@article{QualityMeasuresCategories,
    author  =   "{Ismail Avcibas, Bülent Sankur}",
    title   =   "{Statistical Analisys of Image Quality Measures}",
    journal =   "Department of Electrical and Electronic Engineering, Bogaziçi University, Istanbul, Turkey",
    year    =   2001,
}

@article{GuntherPopov,
    author  =   "{Stefan Popov, Johannes Günther, Hans-Peter Seidel, Philipp Slusallek}",
    title   =   "{Stackless KD-Tree Traversal for High Performance GPU Ray Tracing}",
    journal =   "Saarland University and MPI Informatik, Saarbrücken, Germany",
    year    =   2007,
}

@mastersthesis{TesisEstructuras,
    author  =   "{Niels Thrane, Lars Ole Simonsen}",
    title   =   "{A Comparison of Acceleration Structures for GPU Assisted Ray Tracing}",
    school  =   "{Department of Computer Science. Faculty of Science. University of Aarhus.}",
    year    =   2005,
    month   =   "{April}",
}

@techreport{Purcell,
    author      =   {Purcell, Timothy John},
    note        =  {Adviser-Hanrahan, Patrick M.},
    title       =   {Ray tracing on a stream processor},
    year        =  {2004},
    order_no    =   {AAI3128683},
    institution =   {Stanford University},
    address     =   {Stanford, CA, USA},
}

@techreport{Havran,
    author      =   "{Vlastimil Havran, Jan Prikryl, Werner Purgathofer}",
    title       =   "Statistical Comparison of Ray-Shooting Efficiency Schemes",
    institution =   "Institute of Computer Graphics, Vienna University of Technology",
    year        =   2000,
}

@inproceedings{FoleySugerman,
    author    = {Tim Foley, Jeremy Sugerman},
    title     = {KD-tree acceleration structures for a GPU raytracer},
    booktitle = {Graphics Hardware},
    year      = {2005},
    pages     = {15-22},
}

@inproceedings{Appel1968,
    author      =   {Appel, Arthur},
    title       =   {Some techniques for shading machine renderings of solids},
    booktitle   =   {AFIPS '68 (Spring): Proceedings of the April 30--May 2, 1968, spring joint computer conference},
    year        =   {1968},
    pages       =   {37--45},
    location    =   {Atlantic City, New Jersey},
    doi         =   {http://doi.acm.org/10.1145/1468075.1468082},
    publisher   =   {ACM},
    address     =   {New York, NY, USA},
}

@inproceedings{IdentifyingComputerGeneratedImages,
    author      =   {Dirik, A.E. and Bayram, S. and Sencar, H.T. and Memon, N.},
    title       =   {New Features to Identify Computer Generated Images},
    booktitle   =   {ICIP07},
    year        =   {2007},
    pages       =   {IV: 433-436},
}

@inproceedings{StructuralSimilarityPerceptualImageQualityAssessment,
    author      =    {Rao, D.V. and Reddy, L.P.},
    title       =   {Image Quality Assessment Based on Perceptual Structural Similarity},
    booktitle   =   {PReMI07},
    year        =   {2007},
    pages       =   {87-94},
}

@inproceedings{SegmentationPerceptualImageQualityAssessment,
    author      =   {Ghanem, B. and Resendiz, E. and Ahuja, N.},
    title       =   {Segmentation-based Perceptual Image Quality Assessment (SPIQA)},
    booktitle   =  {ICIP08},
    year        =   {2008},
    pages       =   {393-396},
}

@inproceedings{ImageRealism,
    author      =   {Lalonde, J.F. and Efros, A.A.},
    title       =   {Using Color Compatibility for Assessing Image Realism},
    booktitle   =   {ICCV07},
    year        =   {2007},
    pages       =   {1-8},
}

@InCollection{Wald:2001:STAR-IRT,
    author      =   {Ingo Wald and Philipp Slusallek},
    title       =   {State of the Art in Interactive Ray Tracing},
    booktitle   =   {State of the Art Reports, {EUROGRAPHICS} 2001},
    pages       =   {21--42},
    publisher   =   {EUROGRAPHICS},
    year        =   2001,
    address     =   {Manchester, United Kingdom}
}

@phdthesis{wald::PhD,
  author    =   {Ingo Wald},
  title     =   {{Realtime} {Ray} {Tracing} and {Interactive} {Global} {Illumination}},
  school    =   {Computer Graphics Group, Saarland University},
  year      =   {2004},
}

@misc{OBJFileFormat,
    author  =   {Página Web de FileFormat.Info},
    note    =   {http://www.fileformat.info/format/wavefrontobj/egff.htm},
}

@misc{FuenteCargadorOBJ,
    author  =   {Página Web de Micah Taylor},
    note    =   {http://kixor.net},
}

@misc{OBJSpecification,
    author  =   {Especificación formal del formato Wavefront OBJ},
    note    =   {http://local.wasp.uwa.edu.au/~pbourke/dataformats/obj/},
}

@misc{BlogAlexandraInst,
    author  =   {Blog del grupo de Computación Gráfica del Alexandra Institute de Dinamarca},
    note    =   {http://cg.alexandra.dk/},
}

@misc{SDLLibrarySite,
    author  =   {Página Web de SDL (Simple Directmedia Layer)},
    note    =   {http://www.libsdl.org/},
}

@misc{nVidiaCUDAWebSite,
    author  =   {Página Web de nVidia CUDA},
    note    =   {http://developer.nvidia.com/object/gpucomputing.html},
}

@misc{3DSMAXWebSite,
    author  =   {Página Web de Autodesk 3ds Max},
    note    =   "{http://www.autodesk.es/adsk/servlet/pc/index?siteID=455755\&id=14626995}",
}

@misc{MayaWebSite,
    author  =   {Página Web de Autodesk Maya},
    note    =   "{http://www.autodesk.es/adsk/servlet/pc/index?siteID=455755\&id=14627356}",
}

@misc{BlenderWebSite,
    author  =   {Página Web de Blender},
    note    =   {http://www.blender.org/},
}
