@GLOSSDEF{fotorealistas,
    word = "Imagen foto-realista.",
    definition ="Imagen que no se puede distinguir de otra que ha sido generada por una cámara fotográfica."
}
